@misc{cormode:massive-data,
    title = {Bristol Stock Exchange},
    author = {Cormode, Graham},
    howpublished = {\url{https://youtu.be/AXsBQBzKfYw?t=35s}},
    note = {[Online; accessed 10-May-2015]},
}